@inproceedings{AI-16,
  author    = {Tejas D. Kulkarni and
               Karthik Narasimhan and
               Ardavan Saeedi and
               Josh Tenenbaum},
  title     = {Hierarchical Deep Reinforcement Learning: Integrating Temporal Abstraction
               and Intrinsic Motivation},
  booktitle = {Advances in Neural Information Processing Systems 29: Annual Conference
               on Neural Information Processing Systems 2016, December 5-10, 2016,
               Barcelona, Spain},
  pages     = {3675--3683},
  year      = {2016},
  crossref  = {DBLP:conf/nips/2016},
  url       = {http://papers.nips.cc/paper/6233-hierarchical-deep-reinforcement-learning-integrating-temporal-abstraction-and-intrinsic-motivation},
  timestamp = {Fri, 03 Mar 2017 14:59:41 +0100},
  biburl    = {https://dblp.org/rec/bib/conf/nips/KulkarniNST16},
  bibsource = {dblp computer science bibliography, https://dblp.org}
}

@inproceedings{AI-17,
  author    = {Alexander Sasha Vezhnevets and
               Simon Osindero and
               Tom Schaul and
               Nicolas Heess and
               Max Jaderberg and
               David Silver and
               Koray Kavukcuoglu},
  title     = {FeUdal Networks for Hierarchical Reinforcement Learning},
  booktitle = {Proceedings of the 34th International Conference on Machine Learning,
               {ICML} 2017, Sydney, NSW, Australia, 6-11 August 2017},
  pages     = {3540--3549},
  year      = {2017},
  crossref  = {DBLP:conf/icml/2017},
  url       = {http://proceedings.mlr.press/v70/vezhnevets17a.html},
  timestamp = {Wed, 16 Aug 2017 11:08:55 +0200},
  biburl    = {https://dblp.org/rec/bib/conf/icml/VezhnevetsOSHJS17},
  bibsource = {dblp computer science bibliography, https://dblp.org}
}



@article{AI-18,
  author    = {Ofir Nachum and
               Shixiang Gu and
               Honglak Lee and
               Sergey Levine},
  title     = {Data-Efficient Hierarchical Reinforcement Learning},
  journal   = {CoRR},
  volume    = {abs/1805.08296},
  year      = {2018},
  url       = {http://arxiv.org/abs/1805.08296},
  archivePrefix = {arXiv},
  eprint    = {1805.08296},
  timestamp = {Mon, 13 Aug 2018 16:46:14 +0200},
  biburl    = {https://dblp.org/rec/bib/journals/corr/abs-1805-08296},
  bibsource = {dblp computer science bibliography, https://dblp.org}
}



@article{AI-15,
  author    = {Volodymyr Mnih and
               Koray Kavukcuoglu and
               David Silver and
               Andrei A. Rusu and
               Joel Veness and
               Marc G. Bellemare and
               Alex Graves and
               Martin A. Riedmiller and
               Andreas Fidjeland and
               Georg Ostrovski and
               Stig Petersen and
               Charles Beattie and
               Amir Sadik and
               Ioannis Antonoglou and
               Helen King and
               Dharshan Kumaran and
               Daan Wierstra and
               Shane Legg and
               Demis Hassabis},
  title     = {Human-level control through deep reinforcement learning},
  journal   = {Nature},
  volume    = {518},
  number    = {7540},
  pages     = {529--533},
  year      = {2015},
  url       = {https://doi.org/10.1038/nature14236},
  doi       = {10.1038/nature14236},
  timestamp = {Wed, 14 Nov 2018 10:30:43 +0100},
  biburl    = {https://dblp.org/rec/bib/journals/nature/MnihKSRVBGRFOPB15},
  bibsource = {dblp computer science bibliography, https://dblp.org}
}




@article{AI-13,
  author    = {Volodymyr Mnih and
               Koray Kavukcuoglu and
               David Silver and
               Alex Graves and
               Ioannis Antonoglou and
               Daan Wierstra and
               Martin A. Riedmiller},
  title     = {Playing Atari with Deep Reinforcement Learning},
  journal   = {CoRR},
  volume    = {abs/1312.5602},
  year      = {2013},
  url       = {http://arxiv.org/abs/1312.5602},
  archivePrefix = {arXiv},
  eprint    = {1312.5602},
  timestamp = {Mon, 13 Aug 2018 16:47:42 +0200},
  biburl    = {https://dblp.org/rec/bib/journals/corr/MnihKSGAWR13},
  bibsource = {dblp computer science bibliography, https://dblp.org}
}

